@misc{nest-labs,
    author = {Nest Labs},
    title = "{\textit{Nest Labs Introduces Worldâ€™s First Learning Thermostat}}",
    year = 2011,
    howpublished = "\url{https://nest.com/press/nest-labs-introduces-worlds-first-learning-thermostat}"
}

@misc{philips-hue,
    author = {Philips},
    title = "{\textit{Philips Hue white}}",
    year = 2015,
    howpublished = "\url{http://www2.meethue.com/en-us/productdetail/philips-hue-white-extension-bulb-a19}"
}

@misc{roost,
    author = {Roost},
    title = "{\textit{No more 3AM chirps}}",
    year = 2015,
    howpublished = "\url{http://www.getroost.com}"
}

@misc{dolev-yao,
    author = {Daniele Micciancio},
    title = "{\textit{The Dolev-Yao model}}",
    year = 2015,
    howpublished = "\url{https://cseweb.ucsd.edu/classes/sp05/cse208/lec-dolevyao.html}"
}

@misc{zigbee-defcon,
    author = {Network World},
    title = "{\textit{Researchers exploit ZigBee security flaws that compromise security of smart homes}}",
    year = 2015,
    howpublished = "\url{http://www.networkworld.com/article/2969402/microsoft-subnet/researchers-exploit-zigbee-security-flaws-that-compromise-security-of-smart-homes.html}"
}

@misc{zigbee-system-science,
    author = {Vidgren, Niko and Haataja, Keijo and Patino-Andres, Jose Luis and Ramirez-Sanchis, Juan Jose and Toivanen, Pekka},
    title = "{\textit{Security Threats in ZigBee-Enabled Systems: Vulnerability Evaluation, Practical Experiments, Countermeasures, and Lessons Learned}}",
    year = 2013,
    howpublished = "\url{http://ieeexplore.ieee.org/xpl/login.jsp?tp=&arnumber=6480466}"
}

@misc{z-wave-sensepost,
    author = {Fouladi, Behrange and Ghanoun, Sahand},
    title = "{\textit{Security Evaluation of the Z-Wave Wireless Protocol}}",
    year = 2013,
    howpublished = "\url{https://www.sensepost.com/cms/resources/conferences/2013/bh_zwave/Security%20Evaluation%20of%20Z-Wave_WP.pdf}"
}